@article{zanglExtendingNumericalStability2012,
  title = {Extending the {{Numerical Stability Limit}} of {{Terrain-Following
           Coordinate Models}} over {{Steep Slopes}}},
  author = {Zängl, Günther},
  date = {2012-11-01},
  journaltitle = {Monthly Weather Review},
  volume = {140},
  number = {11},
  pages = {3722--3733},
  publisher = {American Meteorological Society},
  issn = {1520-0493, 0027-0644},
  doi = {10.1175/MWR-D-12-00049.1},
  url = {
         https://journals.ametsoc.org/view/journals/mwre/140/11/mwr-d-12-00049.1.xml
         },
}

@article{zanglICONICOsahedralNonhydrostatic2015,
  title = {The {{ICON}} ({{ICOsahedral Non-hydrostatic}}) Modelling Framework of
           {{DWD}} and {{MPI-M}}: {{Description}} of the Non-Hydrostatic
           Dynamical Core},
  shorttitle = {The {{ICON}} ({{ICOsahedral Non-hydrostatic}}) Modelling
                Framework of {{DWD}} and {{MPI-M}}},
  author = {Zängl, Günther and Reinert, Daniel and Rípodas, Pilar and Baldauf,
            Michael},
  date = {2015},
  journaltitle = {Quarterly Journal of the Royal Meteorological Society},
  volume = {141},
  number = {687},
  pages = {563--579},
  issn = {1477-870X},
  doi = {10.1002/qj.2378},
  url = {https://onlinelibrary.wiley.com/doi/abs/10.1002/qj.2378},
}

@article{prillICONTutorial20232023,
  title = {{{ICON Tutorial}} 2023: {{Working}} with the {{ICON Model}}},
  shorttitle = {{{ICON Tutorial}} 2023},
  author = {Prill, Florian and Reinert, Daniel and Rieger, Daniel and Zängl,
            Günther},
  date = {2023},
  publisher = {[object Object]},
  doi = {10.5676/DWD_PUB/NWV/ICON_TUTORIAL2023},
  url = {
         https://www.dwd.de/EN/ourservices/nwv_icon_tutorial/pdf_volume/icon_tutorial2023_en.pdf?__blob=publicationFile&v=3
         },
}

@article{miuraUpwindBiasedConservativeAdvection2007,
  title = {An {{Upwind-Biased Conservative Advection Scheme}} for {{Spherical
           Hexagonal}}--{{Pentagonal Grids}}},
  author = {Miura, Hiroaki},
  year = {2007},
  month = dec,
  journal = {Monthly Weather Review},
  volume = {135},
  number = {12},
  pages = {4038--4044},
  publisher = {American Meteorological Society},
  issn = {1520-0493, 0027-0644},
  doi = {10.1175/2007MWR2101.1},
  chapter = {Monthly Weather Review},
}


